
@article {Woess2005,
	AUTHOR = {Woess, Wolfgang},
	TITLE = {Lamplighters, {D}iestel-{L}eader graphs, random walks, and
	harmonic functions},
	JOURNAL = {Combin. Probab. Comput.},
	FJOURNAL = {Combinatorics, Probability and Computing},
	VOLUME = {14},
	YEAR = {2005},
	NUMBER = {3},
	PAGES = {415--433},
	ISSN = {0963-5483},
	MRCLASS = {60C05 (05C25 60G50 60J45)},
	MRNUMBER = {2138121},
	MRREVIEWER = {Donald I. Cartwright},
	DOI = {10.1017/S0963548304006443},
	URL = {https://doi.org/10.1017/S0963548304006443},
}
@article {AnnaDyubina2000,
	AUTHOR = {Dyubina, Anna},
	TITLE = {Instability of the virtual solvability and the property of
	being virtually torsion-free for quasi-isometric groups},
	JOURNAL = {Internat. Math. Res. Notices},
	FJOURNAL = {International Mathematics Research Notices},
	YEAR = {2000},
	NUMBER = {21},
	PAGES = {1097--1101},
	ISSN = {1073-7928},
	MRCLASS = {20F65},
	MRNUMBER = {1800990},
	MRREVIEWER = {William A. Bogley},
	DOI = {10.1155/S1073792800000544},
	URL = {https://doi.org/10.1155/S1073792800000544},
}
@article {BaudierMotakisSchumprechtZsak2021,
	AUTHOR = {Baudier, F. and Motakis, P. and Schlumprecht, Th. and Zs\'{a}k,
	A.},
	TITLE = {On the bi-{L}ipschitz geometry of lamplighter graphs},
	JOURNAL = {Discrete Comput. Geom.},
	FJOURNAL = {Discrete \& Computational Geometry. An International Journal
	of Mathematics and Computer Science},
	VOLUME = {66},
	YEAR = {2021},
	NUMBER = {1},
	PAGES = {203--235},
	ISSN = {0179-5376},
	MRCLASS = {05C12 (05C05 46B85)},
	MRNUMBER = {4270640},
	MRREVIEWER = {Veerabhadraiah Lokesha},
	DOI = {10.1007/s00454-020-00184-1},
	URL = {https://doi.org/10.1007/s00454-020-00184-1},
}
@article {AsratianOksimets1998,
	AUTHOR = {Asratian, A. S. and Oksimets, N.},
	TITLE = {Graphs with {H}amiltonian balls},
	JOURNAL = {Australas. J. Combin.},
	FJOURNAL = {The Australasian Journal of Combinatorics},
	VOLUME = {17},
	YEAR = {1998},
	PAGES = {185--198},
	ISSN = {1034-4942},
	MRCLASS = {05C45},
	MRNUMBER = {1626315},
	MRREVIEWER = {Martin Sonntag},
}
@article {OstrovskiiRosenthal2015,
	AUTHOR = {Ostrovskii, Mikhail I. and Rosenthal, David},
	TITLE = {Metric dimensions of minor excluded graphs and minor exclusion
	in groups},
	JOURNAL = {Internat. J. Algebra Comput.},
	FJOURNAL = {International Journal of Algebra and Computation},
	VOLUME = {25},
	YEAR = {2015},
	NUMBER = {4},
	PAGES = {541--554},
	ISSN = {0218-1967},
	MRCLASS = {20F65 (05C12 05C63 05C83 46B85)},
	MRNUMBER = {3349105},
	MRREVIEWER = {Pierre-Emmanuel Caprace},
	DOI = {10.1142/S0218196715500095},
	URL = {https://doi.org/10.1142/S0218196715500095},
}
@misc{Khukhro2020,
	doi = {10.48550/ARXIV.2006.16918},
	
	url = {https://arxiv.org/abs/2006.16918},
	
	author = {Khukhro, A.},
	
	keywords = {Group Theory (math.GR), Combinatorics (math.CO), Metric Geometry (math.MG), FOS: Mathematics, FOS: Mathematics},
	
	title = {A characterisation of virtually free groups via minor exclusion},
	
	publisher = {arXiv},
	
	year = {2020},
	
	copyright = {arXiv.org perpetual, non-exclusive license}
}

@article {ItaiPapadimitriouSzwarcfiter1982,
	AUTHOR = {Itai, Alon and Papadimitriou, Christos H. and Szwarcfiter,
	Jayme Luiz},
	TITLE = {Hamilton paths in grid graphs},
	JOURNAL = {SIAM J. Comput.},
	FJOURNAL = {SIAM Journal on Computing},
	VOLUME = {11},
	YEAR = {1982},
	NUMBER = {4},
	PAGES = {676--686},
	ISSN = {0097-5397},
	MRCLASS = {68E10 (05C38)},
	MRNUMBER = {677661},
	DOI = {10.1137/0211056},
	URL = {https://doi.org/10.1137/0211056},
}
@article {Vazsonyi1939,
	AUTHOR = {V{\'{a}}zsonyi, Endre},
	TITLE = {\"{U}ber {G}itterpunkte des mehrdimensionalen {R}aumes},
	JOURNAL = {Acta Litt. Sci. Szeged},
	FJOURNAL = {Acta Litterarum ac Scientiarum Regiae Universitatis Hungaricae
	Francisco-Josephinae. Sectio Scientiarum Mathematicarum},
	VOLUME = {9},
	YEAR = {1939},
	PAGES = {163--173},
	ISSN = {0324-5462},
	MRCLASS = {56.0X},
	MRNUMBER = {631},
	MRREVIEWER = {H. Whitney},
}
@article {Sekanina1960,
	AUTHOR = {Sekanina, Milan},
	TITLE = {On an ordering of the set of vertices of a connected graph},
	JOURNAL = {Spisy P\v{r}\'{\i}rod. Fak. Univ. Brno},
	VOLUME = {1960},
	YEAR = {1960},
	PAGES = {137--141},
	MRCLASS = {55.10},
	MRNUMBER = {0140095},
	MRREVIEWER = {G. A. Dirac},
}
@article {Heinrich1978,
	AUTHOR = {Heinrich, Peter},
	TITLE = {Abz\"{a}hlbar-unendliche {G}raphen mit {H}amiltonscher dritter
	{P}otenz},
	JOURNAL = {Math. Nachr.},
	FJOURNAL = {Mathematische Nachrichten},
	VOLUME = {82},
	YEAR = {1978},
	PAGES = {231--239},
	ISSN = {0025-584X},
	MRCLASS = {05C35},
	MRNUMBER = {498245},
	MRREVIEWER = {Horst Sachs},
	DOI = {10.1002/mana.19780820120},
	URL = {https://doi.org/10.1002/mana.19780820120},
}
@article {GeorgakopoulosHamiltonian2009,
	AUTHOR = {Georgakopoulos, Agelos},
	TITLE = {Infinite {H}amilton cycles in squares of locally finite
	graphs},
	JOURNAL = {Adv. Math.},
	FJOURNAL = {Advances in Mathematics},
	VOLUME = {220},
	YEAR = {2009},
	NUMBER = {3},
	PAGES = {670--705},
	ISSN = {0001-8708},
	MRCLASS = {05C45},
	MRNUMBER = {2483226},
	MRREVIEWER = {Daniela K\"{u}hn},
	DOI = {10.1016/j.aim.2008.09.014},
	URL = {https://doi.org/10.1016/j.aim.2008.09.014},
}
@article {NashWilliams1959,
	AUTHOR = {Nash-Williams, C. St. J. A.},
	TITLE = {Abelian groups, graphs and generalized knights},
	JOURNAL = {Proc. Cambridge Philos. Soc.},
	FJOURNAL = {Proceedings of the Cambridge Philosophical Society},
	VOLUME = {55},
	YEAR = {1959},
	PAGES = {232--238},
	ISSN = {0008-1981},
	MRCLASS = {20.00 (05.00)},
	MRNUMBER = {105438},
	MRREVIEWER = {A. Kert\'{e}sz},
	DOI = {10.1017/s0305004100033946},
	URL = {https://doi.org/10.1017/s0305004100033946},
}
@article {Marusic1983,
	AUTHOR = {Maru\v{s}i\v{c}, Dragan},
	TITLE = {Hamiltonian circuits in {C}ayley graphs},
	JOURNAL = {Discrete Math.},
	FJOURNAL = {Discrete Mathematics},
	VOLUME = {46},
	YEAR = {1983},
	NUMBER = {1},
	PAGES = {49--54},
	ISSN = {0012-365X},
	MRCLASS = {05C25 (05C45)},
	MRNUMBER = {708161},
	MRREVIEWER = {J. A. Bondy},
	DOI = {10.1016/0012-365X(83)90269-8},
	URL = {https://doi.org/10.1016/0012-365X(83)90269-8},
}
@book {BondyMurty1979,
	AUTHOR = {Bondy, J. A. and Murty, U. S. R.},
	TITLE = {Graph theory with applications},
	PUBLISHER = {American Elsevier Publishing Co., Inc., New York},
	YEAR = {1976},
	PAGES = {x + 264},
	MRCLASS = {05CXX (94A20)},
	MRNUMBER = {0411988},
	MRREVIEWER = {F. Harary},
}
@article {Araki2006,
	AUTHOR = {Araki, Toru},
	TITLE = {Hyper {H}amiltonian laceability of {C}ayley graphs generated
	by transpositions},
	JOURNAL = {Networks},
	FJOURNAL = {Networks. An International Journal},
	VOLUME = {48},
	YEAR = {2006},
	NUMBER = {3},
	PAGES = {121--124},
	ISSN = {0028-3045},
	MRCLASS = {05C25 (68R10)},
	MRNUMBER = {2252748},
	DOI = {10.1002/net.20126},
	URL = {https://doi.org/10.1002/net.20126},
}
@article{AlspachChenMcAvaney1996,
	title={On a class of Hamiltonian laceable 3-regular graphs},
	author={Alspach, Brian and Chen, CC and McAvaney, Kevin},
	journal={Discrete Mathematics},
	volume={151},
	number={1-3},
	pages={19--38},
	year={1996},
	publisher={Elsevier}
}
@article {Alspach2015,
	AUTHOR = {Alspach, Brian},
	TITLE = {Hamilton paths in {C}ayley graphs on {C}oxeter groups: {I}},
	JOURNAL = {Ars Math. Contemp.},
	FJOURNAL = {Ars Mathematica Contemporanea},
	VOLUME = {8},
	YEAR = {2015},
	NUMBER = {1},
	PAGES = {35--53},
	ISSN = {1855-3966},
	MRCLASS = {05C25 (05C45 05C70)},
	MRNUMBER = {3281119},
	MRREVIEWER = {Heather Jordon},
	DOI = {10.26493/1855-3974.509.d9d},
	URL = {https://doi.org/10.26493/1855-3974.509.d9d},
}
@article {WitteWilk2020,
	AUTHOR = {Witte Morris, Dave and Wilk, Kirsten},
	TITLE = {Cayley graphs of order {$kp$} are hamiltonian for {$k <
	48$}},
	JOURNAL = {Art Discrete Appl. Math.},
	FJOURNAL = {The Art of Discrete and Applied Mathematics},
	VOLUME = {3},
	YEAR = {2020},
	NUMBER = {2},
	PAGES = {Paper No. 2.02, 17},
	MRCLASS = {05C25 (05C45)},
	MRNUMBER = {4145949},
	MRREVIEWER = {Brian Alspach},
	DOI = {10.26493/2590-9770.1250.763},
	URL = {https://doi.org/10.26493/2590-9770.1250.763},
}
@article {DupuisWagon2015,
	AUTHOR = {Dupuis, Michael and Wagon, Stan},
	TITLE = {Laceable knights},
	JOURNAL = {Ars Math. Contemp.},
	FJOURNAL = {Ars Mathematica Contemporanea},
	VOLUME = {9},
	YEAR = {2015},
	NUMBER = {1},
	PAGES = {115--124},
	ISSN = {1855-3966},
	MRCLASS = {05C45 (05C85)},
	MRNUMBER = {3377096},
	MRREVIEWER = {Zbigniew R. Bogdanowicz},
	DOI = {10.26493/1855-3974.420.3c5},
	URL = {https://doi.org/10.26493/1855-3974.420.3c5},
}
@article {LanelPallageRatnayakeThevashaWelihinda2019,
	AUTHOR = {Lanel, G. H. J. and Pallage, H. K. and Ratnayake, J. K. and
	Thevasha, S. and Welihinda, B. A. K.},
	TITLE = {A survey on {H}amiltonicity in {C}ayley graphs and digraphs on
	different groups},
	JOURNAL = {Discrete Math. Algorithms Appl.},
	FJOURNAL = {Discrete Mathematics, Algorithms and Applications},
	VOLUME = {11},
	YEAR = {2019},
	NUMBER = {5},
	PAGES = {1930002, 18},
	ISSN = {1793-8309},
	MRCLASS = {05C45 (05C25)},
	MRNUMBER = {4027130},
	DOI = {10.1142/s1793830919300029},
	URL = {https://doi.org/10.1142/s1793830919300029},
}
@article {CurranGallian1996,
	AUTHOR = {Curran, Stephen J. and Gallian, Joseph A.},
	TITLE = {Hamiltonian cycles and paths in {C}ayley graphs and
	digraphs---a survey},
	JOURNAL = {Discrete Math.},
	FJOURNAL = {Discrete Mathematics},
	VOLUME = {156},
	YEAR = {1996},
	NUMBER = {1-3},
	PAGES = {1--18},
	ISSN = {0012-365X},
	MRCLASS = {05C25 (05C45)},
	MRNUMBER = {1405010},
	MRREVIEWER = {Dave Witte Morris},
	DOI = {10.1016/0012-365X(95)00072-5},
	URL = {https://doi.org/10.1016/0012-365X(95)00072-5},
}
@article {WitteGallian1984,
	AUTHOR = {Witte, David and Gallian, Joseph A.},
	TITLE = {A survey: {H}amiltonian cycles in {C}ayley graphs},
	JOURNAL = {Discrete Math.},
	FJOURNAL = {Discrete Mathematics},
	VOLUME = {51},
	YEAR = {1984},
	NUMBER = {3},
	PAGES = {293--304},
	ISSN = {0012-365X},
	MRCLASS = {05C45 (05C25)},
	MRNUMBER = {762322},
	MRREVIEWER = {A. Gregory Starling},
	DOI = {10.1016/0012-365X(84)90010-4},
	URL = {https://doi.org/10.1016/0012-365X(84)90010-4},
}
@article {Rapaport1959,
	AUTHOR = {Rapaport, Elvira Strasser},
	TITLE = {Cayley color groups and {H}amilton lines},
	JOURNAL = {Scripta Math.},
	FJOURNAL = {Scripta Mathematica},
	VOLUME = {24},
	YEAR = {1959},
	PAGES = {51--58},
	ISSN = {0036-9713},
	MRCLASS = {05.00 (20.00)},
	MRNUMBER = {111702},
	MRREVIEWER = {M. Fiedler},
}
@article {AlspachQin2001,
	AUTHOR = {Alspach, Brian and Qin, Yusheng},
	TITLE = {Hamilton-connected {C}ayley graphs on {H}amiltonian groups},
	JOURNAL = {European J. Combin.},
	FJOURNAL = {European Journal of Combinatorics},
	VOLUME = {22},
	YEAR = {2001},
	NUMBER = {6},
	PAGES = {777--787},
	ISSN = {0195-6698},
	MRCLASS = {05C25 (05C45)},
	MRNUMBER = {1848324},
	MRREVIEWER = {Kevin Lawrence McAvaney},
	DOI = {10.1006/eujc.2001.0456},
	URL = {https://doi.org/10.1006/eujc.2001.0456},
}
@incollection {ChenQuimpo1981,
	AUTHOR = {Chen, C. C. and Quimpo, N. F.},
	TITLE = {On strongly {H}amiltonian abelian group graphs},
	BOOKTITLE = {Combinatorial mathematics, {VIII} ({G}eelong, 1980)},
	SERIES = {Lecture Notes in Math.},
	VOLUME = {884},
	PAGES = {23--34},
	PUBLISHER = {Springer, Berlin-New York},
	YEAR = {1981},
	MRCLASS = {05C25 (05C45)},
	MRNUMBER = {641233},
	MRREVIEWER = {T. Zamfirescu},
}
@misc{burillo2015metric,
	title={Metric Properties and Distortion in Wreath Products}, 
	author={José Burillo and Eric López-Platón},
	year={2015},
	eprint={1506.06935},
	archivePrefix={arXiv},
	primaryClass={math.GR}
}
@article {MiraftabRuhmann2018,
	AUTHOR = {Miraftab, Babak and R\"{u}hmann, Tim},
	TITLE = {Hamilton circles in {C}ayley graphs},
	JOURNAL = {Electron. J. Combin.},
	FJOURNAL = {Electronic Journal of Combinatorics},
	VOLUME = {25},
	YEAR = {2018},
	NUMBER = {2},
	PAGES = {Paper No. 2.5, 17},
	MRCLASS = {05C63 (05C25 05C45 20E06 20F05)},
	MRNUMBER = {3799423},
	MRREVIEWER = {Primo\v{z} \v{S}parl},
	DOI = {10.37236/7009},
	URL = {https://doi.org/10.37236/7009},
}
@article {DavisOlshanskii2011,
	AUTHOR = {Davis, Tara C. and Olshanskii, Alexander Yu.},
	TITLE = {Subgroup distortion in wreath products of cyclic groups},
	JOURNAL = {J. Pure Appl. Algebra},
	FJOURNAL = {Journal of Pure and Applied Algebra},
	VOLUME = {215},
	YEAR = {2011},
	NUMBER = {12},
	PAGES = {2987--3004},
	ISSN = {0022-4049},
	MRCLASS = {20E22 (20F65)},
	MRNUMBER = {2811580},
	MRREVIEWER = {H. Heineken},
	DOI = {10.1016/j.jpaa.2011.04.018},
	URL = {https://doi.org/10.1016/j.jpaa.2011.04.018},
}
@article {Parry1992,
	AUTHOR = {Parry, Walter},
	TITLE = {Growth series of some wreath products},
	JOURNAL = {Trans. Amer. Math. Soc.},
	FJOURNAL = {Transactions of the American Mathematical Society},
	VOLUME = {331},
	YEAR = {1992},
	NUMBER = {2},
	PAGES = {751--759},
	ISSN = {0002-9947},
	MRCLASS = {20F32 (05C25 20E22)},
	MRNUMBER = {1062874},
	MRREVIEWER = {John D. P. Meldrum},
	DOI = {10.2307/2154138},
	URL = {https://doi.org/10.2307/2154138},
}


@article {BartholdiErschler2012,
	AUTHOR = {Bartholdi, Laurent and Erschler, Anna},
	TITLE = {Growth of permutational extensions},
	JOURNAL = {Invent. Math.},
	FJOURNAL = {Inventiones Mathematicae},
	VOLUME = {189},
	YEAR = {2012},
	NUMBER = {2},
	PAGES = {431--455},
	ISSN = {0020-9910},
	MRCLASS = {20E22 (20F05)},
	MRNUMBER = {2947548},
	MRREVIEWER = {Matthew B. Day},
	DOI = {10.1007/s00222-011-0368-x},
	URL = {https://doi.org/10.1007/s00222-011-0368-x},
}
@article {Cleary2006distortion,
	AUTHOR = {Cleary, Sean},
	TITLE = {Distortion of wreath products in some finitely presented
	groups},
	JOURNAL = {Pacific J. Math.},
	FJOURNAL = {Pacific Journal of Mathematics},
	VOLUME = {228},
	YEAR = {2006},
	NUMBER = {1},
	PAGES = {53--61},
	ISSN = {0030-8730},
	MRCLASS = {20F65 (20E22)},
	MRNUMBER = {2263024},
	MRREVIEWER = {Andreas Zastrow},
	DOI = {10.2140/pjm.2006.228.53},
	URL = {https://doi.org/10.2140/pjm.2006.228.53},
}
@book {Nekrashevych2005,
	AUTHOR = {Nekrashevych, Volodymyr},
	TITLE = {Self-similar groups},
	SERIES = {Mathematical Surveys and Monographs},
	VOLUME = {117},
	PUBLISHER = {American Mathematical Society, Providence, RI},
	YEAR = {2005},
	PAGES = {xii+231},
	ISBN = {0-8218-3831-8},
	MRCLASS = {20E08 (20F65 37B15 37F10)},
	MRNUMBER = {2162164},
	MRREVIEWER = {Laurent Bartholdi},
	DOI = {10.1090/surv/117},
	URL = {https://doi.org/10.1090/surv/117},
}
@incollection {Bartholdi2017,
	AUTHOR = {Bartholdi, Laurent},
	TITLE = {Growth of groups and wreath products},
	BOOKTITLE = {Groups, graphs and random walks},
	SERIES = {London Math. Soc. Lecture Note Ser.},
	VOLUME = {436},
	PAGES = {1--76},
	PUBLISHER = {Cambridge Univ. Press, Cambridge},
	YEAR = {2017},
	MRCLASS = {20-02 (20E07 20E22)},
	MRNUMBER = {3644003},
}
@article {Georgakopoulos2009,
	AUTHOR = {Georgakopoulos, Agelos},
	TITLE = {A short proof of {F}leischner's theorem},
	JOURNAL = {Discrete Math.},
	FJOURNAL = {Discrete Mathematics},
	VOLUME = {309},
	YEAR = {2009},
	NUMBER = {23-24},
	PAGES = {6632--6634},
	ISSN = {0012-365X},
	MRCLASS = {05C45},
	MRNUMBER = {2558627},
	DOI = {10.1016/j.disc.2009.06.024},
	URL = {https://doi.org/10.1016/j.disc.2009.06.024},
}
@article {Riha1991,
	AUTHOR = {\v{R}\'{\i}ha, Stanislav},
	TITLE = {A new proof of the theorem by {F}leischner},
	JOURNAL = {J. Combin. Theory Ser. B},
	FJOURNAL = {Journal of Combinatorial Theory. Series B},
	VOLUME = {52},
	YEAR = {1991},
	NUMBER = {1},
	PAGES = {117--123},
	ISSN = {0095-8956},
	MRCLASS = {05C45},
	MRNUMBER = {1109427},
	DOI = {10.1016/0095-8956(91)90098-5},
	URL = {https://doi.org/10.1016/0095-8956(91)90098-5},
}
@article {FleischnerTwoConnected1974,
	AUTHOR = {Fleischner, Herbert},
	TITLE = {The square of every two-connected graph is {H}amiltonian},
	JOURNAL = {J. Combinatorial Theory Ser. B},
	FJOURNAL = {Journal of Combinatorial Theory. Series B},
	VOLUME = {16},
	YEAR = {1974},
	PAGES = {29--34},
	ISSN = {0095-8956},
	MRCLASS = {05C99},
	MRNUMBER = {332573},
	MRREVIEWER = {C. St. J. A. Nash-Williams},
	DOI = {10.1016/0095-8956(74)90091-4},
	URL = {https://doi.org/10.1016/0095-8956(74)90091-4},
}
@article {FleischnerSpanningSubgraphs1974,
	AUTHOR = {Fleischner, Herbert},
	TITLE = {On spanning subgraphs of a connected bridgeless graph and
	their application to {$DT$}-graphs},
	JOURNAL = {J. Combinatorial Theory Ser. B},
	FJOURNAL = {Journal of Combinatorial Theory. Series B},
	VOLUME = {16},
	YEAR = {1974},
	PAGES = {17--28},
	ISSN = {0095-8956},
	MRCLASS = {05C99},
	MRNUMBER = {332572},
	MRREVIEWER = {C. St. J. A. Nash-Williams},
	DOI = {10.1016/0095-8956(74)90090-2},
	URL = {https://doi.org/10.1016/0095-8956(74)90090-2},
}
@article {ChartrandHobbsJungKapoorNashWilliams1974,
	AUTHOR = {Chartrand, G. and Hobbs, Arthur M. and Jung, H. A. and Kapoor,
	S. F. and Nash-Williams, C. St. J. A.},
	TITLE = {The square of a block is {H}amiltonian connected},
	JOURNAL = {J. Combinatorial Theory Ser. B},
	FJOURNAL = {Journal of Combinatorial Theory. Series B},
	VOLUME = {16},
	YEAR = {1974},
	PAGES = {290--292},
	ISSN = {0095-8956},
	MRCLASS = {05C35},
	MRNUMBER = {345865},
	MRREVIEWER = {R. L. Hemminger},
	DOI = {10.1016/0095-8956(74)90075-6},
	URL = {https://doi.org/10.1016/0095-8956(74)90075-6},
}
@inproceedings {AlstrupAgelosRotenbergThomassen2018,
	AUTHOR = {Alstrup, Stephen and Georgakopoulos, Agelos and Rotenberg, Eva
	and Thomassen, Carsten},
	TITLE = {A {H}amiltonian cycle in the square of a 2-connected graph in
	linear time},
	BOOKTITLE = {Proceedings of the {T}wenty-{N}inth {A}nnual {ACM}-{SIAM}
	{S}ymposium on {D}iscrete {A}lgorithms},
	PAGES = {1645--1649},
	PUBLISHER = {SIAM, Philadelphia, PA},
	YEAR = {2018},
	MRCLASS = {68R10 (68W40)},
	MRNUMBER = {3775895},
	DOI = {10.1137/1.9781611975031.107},
	URL = {https://doi.org/10.1137/1.9781611975031.107},
}
@article {KaraganisCubeGraph1968,
	AUTHOR = {Karaganis, Jerome J.},
	TITLE = {On the cube of a graph},
	JOURNAL = {Canad. Math. Bull.},
	FJOURNAL = {Canadian Mathematical Bulletin. Bulletin Canadien de
	Math\'{e}matiques},
	VOLUME = {11},
	YEAR = {1968},
	PAGES = {295--296},
	ISSN = {0008-4395},
	MRCLASS = {05.45},
	MRNUMBER = {230645},
	MRREVIEWER = {M. D. Plummer},
	DOI = {10.4153/CMB-1968-037-0},
	URL = {https://doi.org/10.4153/CMB-1968-037-0},
}
@book {GraphsandDigraphsbook2016,
	AUTHOR = {Chartrand, Gary and Lesniak, Linda and Zhang, Ping},
	TITLE = {Graphs \& digraphs},
	SERIES = {Textbooks in Mathematics},
	EDITION = {Sixth},
	PUBLISHER = {CRC Press, Boca Raton, FL},
	YEAR = {2016},
	PAGES = {xii+628},
	ISBN = {978-1-4987-3576-6},
	MRCLASS = {05-01 (05Cxx 05D10 05D40)},
	MRNUMBER = {3445306},
}
@book {GromovStructuresMetriques1981,
	AUTHOR = {Gromov, Mikhael},
	TITLE = {Structures m\'{e}triques pour les vari\'{e}t\'{e}s riemanniennes},
	SERIES = {Textes Math\'{e}matiques [Mathematical Texts]},
	VOLUME = {1},
	NOTE = {Edited by J. Lafontaine and P. Pansu},
	PUBLISHER = {CEDIC, Paris},
	YEAR = {1981},
	PAGES = {iv+152},
	ISBN = {2-7124-0714-8},
	MRCLASS = {53C20 (53-02)},
	MRNUMBER = {682063},
}
@article {BucherTalambutsa2017,
	AUTHOR = {Bucher, Michelle and Talambutsa, Alexey},
	TITLE = {Minimal exponential growth rates of metabelian
	{B}aumslag-{S}olitar groups and lamplighter groups},
	JOURNAL = {Groups Geom. Dyn.},
	FJOURNAL = {Groups, Geometry, and Dynamics},
	VOLUME = {11},
	YEAR = {2017},
	NUMBER = {1},
	PAGES = {189--209},
	ISSN = {1661-7207},
	MRCLASS = {20F69 (20F16)},
	MRNUMBER = {3641839},
	MRREVIEWER = {Alla S. Detinko},
	DOI = {10.4171/GGD/394},
	URL = {https://doi.org/10.4171/GGD/394},
}
@article {GilchMullerParkinson2018,
	AUTHOR = {Gilch, Lorenz and M\"{u}ller, Sebastian and Parkinson, James},
	TITLE = {Limit theorems for random walks on {F}uchsian buildings and
	{K}ac-{M}oody groups},
	JOURNAL = {Groups Geom. Dyn.},
	FJOURNAL = {Groups, Geometry, and Dynamics},
	VOLUME = {12},
	YEAR = {2018},
	NUMBER = {3},
	PAGES = {1069--1121},
	ISSN = {1661-7207},
	MRCLASS = {60G50 (20E42 51E24 60B15 60F05)},
	MRNUMBER = {3845000},
	MRREVIEWER = {Michael Voit},
	DOI = {10.4171/GGD/465},
	URL = {https://doi.org/10.4171/GGD/465},
}
@article {DuchinShapiro2019,
	AUTHOR = {Duchin, Moon and Shapiro, Michael},
	TITLE = {The {H}eisenberg group is pan-rational},
	JOURNAL = {Adv. Math.},
	FJOURNAL = {Advances in Mathematics},
	VOLUME = {346},
	YEAR = {2019},
	PAGES = {219--263},
	ISSN = {0001-8708},
	MRCLASS = {20F65 (20F18 20F69)},
	MRNUMBER = {3908251},
	MRREVIEWER = {John M. Mackay},
	DOI = {10.1016/j.aim.2019.01.046},
	URL = {https://doi.org/10.1016/j.aim.2019.01.046},
}
@phdthesis{evetts2020aspects,
	title={Aspects of growth in finitely generated groups},
	author={Evetts, Alexander},
	year={2020},
	school={Mathematical and Computer Sciences}
}
@article {PittetSaloff-Coste2002,
	AUTHOR = {Pittet, C. and Saloff-Coste, L.},
	TITLE = {On random walks on wreath products},
	JOURNAL = {Ann. Probab.},
	FJOURNAL = {The Annals of Probability},
	VOLUME = {30},
	YEAR = {2002},
	NUMBER = {2},
	PAGES = {948--977},
	ISSN = {0091-1798},
	MRCLASS = {60B15 (20P05 60G50)},
	MRNUMBER = {1905862},
	MRREVIEWER = {Michael Voit},
	DOI = {10.1214/aop/1023481013},
	URL = {https://doi.org/10.1214/aop/1023481013},
}
@article {Revelle2003,
	AUTHOR = {Revelle, David},
	TITLE = {Rate of escape of random walks on wreath products and related
	groups},
	JOURNAL = {Ann. Probab.},
	FJOURNAL = {The Annals of Probability},
	VOLUME = {31},
	YEAR = {2003},
	NUMBER = {4},
	PAGES = {1917--1934},
	ISSN = {0091-1798},
	MRCLASS = {60G50 (60B15)},
	MRNUMBER = {2016605},
	MRREVIEWER = {Donald I. Cartwright},
	DOI = {10.1214/aop/1068646371},
	URL = {https://doi.org/10.1214/aop/1068646371},
}
@article {Dyubina1999,
	AUTHOR = {Dyubina, A.},
	TITLE = {Characteristics of random walks on the wreath products of
	groups},
	JOURNAL = {Zap. Nauchn. Sem. S.-Peterburg. Otdel. Mat. Inst. Steklov.
	(POMI)},
	FJOURNAL = {Rossi\u{\i}skaya Akademiya Nauk. Sankt-Peterburgskoe Otdelenie.
	Matematicheski\u{\i} Institut im. V. A. Steklova. Zapiski Nauchnykh
	Seminarov (POMI)},
	VOLUME = {256},
	YEAR = {1999},
	NUMBER = {Teor. Predst. Din. Sist. Komb. i Algoritm. Metody. 3},
	PAGES = {31--37, 264},
	ISSN = {0373-2703},
	MRCLASS = {60B15 (20E22)},
	MRNUMBER = {1708557},
	MRREVIEWER = {Martha B\u{a}nulescu},
	DOI = {10.1023/A:1012465406149},
	URL = {https://doi.org/10.1023/A:1012465406149},
}
@article {Gilch2008,
	AUTHOR = {Gilch, L. A.},
	TITLE = {Acceleration of lamplighter random walks},
	JOURNAL = {Markov Process. Related Fields},
	FJOURNAL = {Markov Processes and Related Fields},
	VOLUME = {14},
	YEAR = {2008},
	NUMBER = {4},
	PAGES = {465--486},
	ISSN = {1024-2953},
	MRCLASS = {60G50 (20E22 20P05 60B15)},
	MRNUMBER = {2473764},
	MRREVIEWER = {Fr\'{e}d\'{e}ric Math\'{e}us},
}
@article {Akhmedov2003,
	AUTHOR = {Akhmedov, Azer},
	TITLE = {On the girth of finitely generated groups},
	JOURNAL = {J. Algebra},
	FJOURNAL = {Journal of Algebra},
	VOLUME = {268},
	YEAR = {2003},
	NUMBER = {1},
	PAGES = {198--208},
	ISSN = {0021-8693},
	MRCLASS = {20F05 (20E10)},
	MRNUMBER = {2004484},
	MRREVIEWER = {Robert H. Gilman},
	DOI = {10.1016/S0021-8693(03)00375-2},
	URL = {https://doi.org/10.1016/S0021-8693(03)00375-2},
}
@article {Osin2010,
	AUTHOR = {Osin, Denis},
	TITLE = {Small cancellations over relatively hyperbolic groups and
	embedding theorems},
	JOURNAL = {Ann. of Math. (2)},
	FJOURNAL = {Annals of Mathematics. Second Series},
	VOLUME = {172},
	YEAR = {2010},
	NUMBER = {1},
	PAGES = {1--39},
	ISSN = {0003-486X},
	MRCLASS = {20F67 (20F06)},
	MRNUMBER = {2680416},
	MRREVIEWER = {Richard Weidmann},
	DOI = {10.4007/annals.2010.172.1},
	URL = {https://doi.org/10.4007/annals.2010.172.1},
}
@article {Kropholler1984,
	AUTHOR = {Kropholler, P. H.},
	TITLE = {On finitely generated soluble groups with no large wreath
	product sections},
	JOURNAL = {Proc. London Math. Soc. (3)},
	FJOURNAL = {Proceedings of the London Mathematical Society. Third Series},
	VOLUME = {49},
	YEAR = {1984},
	NUMBER = {1},
	PAGES = {155--169},
	ISSN = {0024-6115},
	MRCLASS = {20F16 (20E15)},
	MRNUMBER = {743376},
	MRREVIEWER = {David McDougall},
	DOI = {10.1112/plms/s3-49.1.155},
	URL = {https://doi.org/10.1112/plms/s3-49.1.155},
}
@article {Block1992,
	AUTHOR = {Block, Jonathan and Weinberger, Shmuel},
	TITLE = {Aperiodic tilings, positive scalar curvature and amenability
	of spaces},
	JOURNAL = {J. Amer. Math. Soc.},
	FJOURNAL = {Journal of the American Mathematical Society},
	VOLUME = {5},
	YEAR = {1992},
	NUMBER = {4},
	PAGES = {907--918},
	ISSN = {0894-0347},
	MRCLASS = {53C23 (52C07 53C21)},
	MRNUMBER = {1145337},
	MRREVIEWER = {Christophe Bavard},
	DOI = {10.2307/2152713},
	URL = {https://doi.org/10.2307/2152713},
}
@article{Nekrashevych98,
	title={Quasi-isometric hyperbolic groups are bi-Lipschitz equivalent},
	author={Nekrashevych, V},
	journal={Dopov. Nats. Akad. Nauk Ukr. Mat. Prirodozn. Tekh. Nauki},
	volume={1},
	pages={32--35},
	year={1998}
}

@article {Whyte99,
	AUTHOR = {Whyte, Kevin},
	TITLE = {Amenability, bi-{L}ipschitz equivalence, and the von {N}eumann
	conjecture},
	JOURNAL = {Duke Math. J.},
	FJOURNAL = {Duke Mathematical Journal},
	VOLUME = {99},
	YEAR = {1999},
	NUMBER = {1},
	PAGES = {93--112},
	ISSN = {0012-7094},
	MRCLASS = {20F65 (05C25 20E06 53C23)},
	MRNUMBER = {1700742},
	MRREVIEWER = {Panos Papasoglu},
	DOI = {10.1215/S0012-7094-99-09904-0},
	URL = {https://doi.org/10.1215/S0012-7094-99-09904-0},
}
@article {Papasoglu1995,
	AUTHOR = {Papasoglu, P.},
	TITLE = {Homogeneous trees are bi-{L}ipschitz equivalent},
	JOURNAL = {Geom. Dedicata},
	FJOURNAL = {Geometriae Dedicata},
	VOLUME = {54},
	YEAR = {1995},
	NUMBER = {3},
	PAGES = {301--306},
	ISSN = {0046-5755},
	MRCLASS = {57M07 (05C05 20F32 53C23)},
	MRNUMBER = {1326733},
	MRREVIEWER = {Martin A. Roller},
	DOI = {10.1007/BF01265344},
	URL = {https://doi.org/10.1007/BF01265344},
}
@book {BBI01,
	AUTHOR = {Burago, Dmitri and Burago, Yuri and Ivanov, Sergei},
	TITLE = {A course in metric geometry},
	SERIES = {Graduate Studies in Mathematics},
	VOLUME = {33},
	PUBLISHER = {American Mathematical Society, Providence, RI},
	YEAR = {2001},
	PAGES = {xiv+415},
	ISBN = {0-8218-2129-6},
	MRCLASS = {53C23},
	MRNUMBER = {1835418},
	MRREVIEWER = {Mario Bonk},
	DOI = {10.1090/gsm/033},
	URL = {https://doi.org/10.1090/gsm/033},
}
@article {BLD13,
	AUTHOR = {Breuillard, Emmanuel and Le Donne, Enrico},
	TITLE = {On the rate of convergence to the asymptotic cone for
	nilpotent groups and sub{F}insler geometry},
	JOURNAL = {Proc. Natl. Acad. Sci. USA},
	FJOURNAL = {Proceedings of the National Academy of Sciences of the United
	States of America},
	VOLUME = {110},
	YEAR = {2013},
	NUMBER = {48},
	PAGES = {19220--19226},
	ISSN = {0027-8424},
	MRCLASS = {20F65 (53C17 53C23 53C60)},
	MRNUMBER = {3153949},
	MRREVIEWER = {Igor Belegradek},
	DOI = {10.1073/pnas.1203854109},
	URL = {https://doi.org/10.1073/pnas.1203854109},
}
@incollection {B94,
	AUTHOR = {Burago, D.},
	TITLE = {Periodic metrics},
	BOOKTITLE = {Seminar on {D}ynamical {S}ystems ({S}t. {P}etersburg, 1991)},
	SERIES = {Progr. Nonlinear Differential Equations Appl.},
	VOLUME = {12},
	PAGES = {90--95},
	PUBLISHER = {Birkh\"{a}user, Basel},
	YEAR = {1994},
	MRCLASS = {53C22 (53C20 58E10 58F17)},
	MRNUMBER = {1279391},
	MRREVIEWER = {Victor Bangert},
	DOI = {10.1007/978-3-0348-7515-8\_7},
	URL = {https://doi.org/10.1007/978-3-0348-7515-8_7},
}
@incollection {GGThyperbolic2006,
	TITLE = {Geometric group theory, hyperbolic dynamics and symplectic
	geometry},
	NOTE = {Abstracts from the workshop held July 23--29, 2006,
	Organized by Gerhard Knieper, Leonid Polterovich and Leonid
	Potyagailo,
	Oberwolfach Reports. Vol. 3, no. 3},
	JOURNAL = {Oberwolfach Rep.},
	FJOURNAL = {Oberwolfach Reports},
	VOLUME = {3},
	YEAR = {2006},
	NUMBER = {3},
	PAGES = {1991--2057},
	ISSN = {1660-8933},
	MRCLASS = {20F05 (37-06 37D20 37D40 53Dxx)},
	MRNUMBER = {2332173},
	DOI = {10.4171/OWR/2006/33},
	URL = {https://doi.org/10.4171/OWR/2006/33},
}
@article {K99,
	AUTHOR = {Krat, S. A.},
	TITLE = {Asymptotic properties of the {H}eisenberg group},
	JOURNAL = {Zap. Nauchn. Sem. S.-Peterburg. Otdel. Mat. Inst. Steklov.
	(POMI)},
	FJOURNAL = {Rossi\u{\i}skaya Akademiya Nauk. Sankt-Peterburgskoe Otdelenie.
	Matematicheski\u{\i} Institut im. V. A. Steklova. Zapiski Nauchnykh
	Seminarov (POMI)},
	VOLUME = {261},
	YEAR = {1999},
	NUMBER = {Geom. i Topol. 4},
	PAGES = {125--154, 268},
	ISSN = {0373-2703},
	MRCLASS = {20F69 (20F18)},
	MRNUMBER = {1758422},
	MRREVIEWER = {Alexander N. Dranishnikov},
	DOI = {10.1023/A:1015306413677},
	URL = {https://doi.org/10.1023/A:1015306413677},
}
@article {B14,
	AUTHOR = {Breuillard, Emmanuel},
	TITLE = {Geometry of locally compact groups of polynomial growth and
	shape of large balls},
	JOURNAL = {Groups Geom. Dyn.},
	FJOURNAL = {Groups, Geometry, and Dynamics},
	VOLUME = {8},
	YEAR = {2014},
	NUMBER = {3},
	PAGES = {669--732},
	ISSN = {1661-7207},
	MRCLASS = {22D05 (22E25 53C17)},
	MRNUMBER = {3267520},
	MRREVIEWER = {Stefan Waldmann},
	DOI = {10.4171/GGD/244},
	URL = {https://doi.org/10.4171/GGD/244},
}
@article{choi2020rational,
	title={Rational growth in torus bundle groups of odd trace},
	author={Choi, Seongjun and Ho, Meng-Che and Pengitore, Mark and others},
	journal={arXiv preprint arXiv:2012.07995},
	year={2020}
}

@article {Pansu83,
	AUTHOR = {Pansu, Pierre},
	TITLE = {Croissance des boules et des g\'{e}od\'{e}siques ferm\'{e}es dans les
	nilvari\'{e}t\'{e}s},
	JOURNAL = {Ergodic Theory Dynam. Systems},
	FJOURNAL = {Ergodic Theory and Dynamical Systems},
	VOLUME = {3},
	YEAR = {1983},
	NUMBER = {3},
	PAGES = {415--445},
	ISSN = {0143-3857},
	MRCLASS = {53C20 (20F18 22E25 58E10)},
	MRNUMBER = {741395},
	MRREVIEWER = {Victor Bangert},
	DOI = {10.1017/S0143385700002054},
	URL = {https://doi.org/10.1017/S0143385700002054},
}


@article {Parry07,
	AUTHOR = {Parry, Walter},
	TITLE = {Examples of growth series of torus bundle groups},
	JOURNAL = {J. Group Theory},
	FJOURNAL = {Journal of Group Theory},
	VOLUME = {10},
	YEAR = {2007},
	NUMBER = {2},
	PAGES = {245--266},
	ISSN = {1433-5883},
	MRCLASS = {20F65 (20F05 20F16 57M50)},
	MRNUMBER = {2302619},
	MRREVIEWER = {Michel Coornaert},
	DOI = {10.1515/JGT.2007.020},
	URL = {https://doi.org/10.1515/JGT.2007.020},
}
@article {Stoll96,
	AUTHOR = {Stoll, Michael},
	TITLE = {Rational and transcendental growth series for the higher
	{H}eisenberg groups},
	JOURNAL = {Invent. Math.},
	FJOURNAL = {Inventiones Mathematicae},
	VOLUME = {126},
	YEAR = {1996},
	NUMBER = {1},
	PAGES = {85--109},
	ISSN = {0020-9910},
	MRCLASS = {20F05 (20F18 57M07)},
	MRNUMBER = {1408557},
	DOI = {10.1007/s002220050090},
	URL = {https://doi.org/10.1007/s002220050090},
}
@article {riley2006unbounded,
	AUTHOR = {Riley, Tim R. and Warshall, Andrew D.},
	TITLE = {The unbounded dead-end depth property is not a group
	invariant},
	JOURNAL = {Internat. J. Algebra Comput.},
	FJOURNAL = {International Journal of Algebra and Computation},
	VOLUME = {16},
	YEAR = {2006},
	NUMBER = {5},
	PAGES = {969--983},
	ISSN = {0218-1967},
	MRCLASS = {20F65 (05C12 20F05)},
	MRNUMBER = {2274725},
	MRREVIEWER = {Stephan Rosebrock},
	DOI = {10.1142/S0218196706003347},
	URL = {https://doi.org/10.1142/S0218196706003347},
}
@article {cleary2006finitely,
	AUTHOR = {Cleary, Sean and Riley, Tim R.},
	TITLE = {A finitely presented group with unbounded dead-end depth},
	JOURNAL = {Proc. Amer. Math. Soc.},
	FJOURNAL = {Proceedings of the American Mathematical Society},
	VOLUME = {134},
	YEAR = {2006},
	NUMBER = {2},
	PAGES = {343--349},
	ISSN = {0002-9939},
	MRCLASS = {20F65 (20F05)},
	MRNUMBER = {2176000},
	MRREVIEWER = {Ralf Koehl},
	DOI = {10.1090/S0002-9939-05-08043-3},
	URL = {https://doi.org/10.1090/S0002-9939-05-08043-3},
}
@article {CET2006,
	AUTHOR = {Cleary, Sean and Elder, Murray and Taback, Jennifer},
	TITLE = {Cone types and geodesic languages for lamplighter groups and
	{T}hompson's group {$F$}},
	JOURNAL = {J. Algebra},
	FJOURNAL = {Journal of Algebra},
	VOLUME = {303},
	YEAR = {2006},
	NUMBER = {2},
	PAGES = {476--500},
	ISSN = {0021-8693},
	MRCLASS = {20F10 (20E22 20F65 68Q45 68Q70)},
	MRNUMBER = {2255118},
	MRREVIEWER = {Malik Talbi},
	DOI = {10.1016/j.jalgebra.2005.11.016},
	URL = {https://doi.org/10.1016/j.jalgebra.2005.11.016},
}
@article {warshall2010deep,
	AUTHOR = {Warshall, Andrew D.},
	TITLE = {Deep pockets in lattices and other groups},
	JOURNAL = {Trans. Amer. Math. Soc.},
	FJOURNAL = {Transactions of the American Mathematical Society},
	VOLUME = {362},
	YEAR = {2010},
	NUMBER = {2},
	PAGES = {577--601},
	ISSN = {0002-9947},
	MRCLASS = {20F65 (20F18)},
	MRNUMBER = {2551498},
	MRREVIEWER = {Vitaly A. Roman\cprime kov},
	DOI = {10.1090/S0002-9947-09-04954-X},
	URL = {https://doi.org/10.1090/S0002-9947-09-04954-X},
}
@article {lehnert2009some,
	AUTHOR = {Lehnert, J\"{o}rg},
	TITLE = {Some remarks on depth of dead ends in groups},
	JOURNAL = {Internat. J. Algebra Comput.},
	FJOURNAL = {International Journal of Algebra and Computation},
	VOLUME = {19},
	YEAR = {2009},
	NUMBER = {4},
	PAGES = {585--594},
	ISSN = {0218-1967},
	MRCLASS = {20F05 (20B30)},
	MRNUMBER = {2536193},
	MRREVIEWER = {Robert Duncan Gray},
	DOI = {10.1142/S0218196709005238},
	URL = {https://doi.org/10.1142/S0218196709005238},
}

@article {warshall2011group,
	AUTHOR = {Warshall, Andrew D.},
	TITLE = {A group with deep pockets for all finite generating sets},
	JOURNAL = {Israel J. Math.},
	FJOURNAL = {Israel Journal of Mathematics},
	VOLUME = {185},
	YEAR = {2011},
	PAGES = {317--342},
	ISSN = {0021-2172},
	MRCLASS = {20F05 (20F65)},
	MRNUMBER = {2837139},
	MRREVIEWER = {Marston Conder},
	DOI = {10.1007/s11856-011-0112-7},
	URL = {https://doi.org/10.1007/s11856-011-0112-7},
}
@article {vsunic2008frobenius,
	AUTHOR = {\v{S}uni\'{c}, Zoran},
	TITLE = {Frobenius problem and dead ends in integers},
	JOURNAL = {J. Number Theory},
	FJOURNAL = {Journal of Number Theory},
	VOLUME = {128},
	YEAR = {2008},
	NUMBER = {5},
	PAGES = {1211--1223},
	ISSN = {0022-314X},
	MRCLASS = {11D04 (05C25 20F65)},
	MRNUMBER = {2406488},
	MRREVIEWER = {Matthias Beck},
	DOI = {10.1016/j.jnt.2007.03.015},
	URL = {https://doi.org/10.1016/j.jnt.2007.03.015},
}

@article{warshall2008strongly,
	title={Strongly t-logarithmic t-generating sets: Geometric properties of some soluble groups},
	author={Warshall, Andrew D},
	journal={arXiv preprint arXiv:0808.2789},
	year={2008}
}
@article{warshall2010asymptotic,
	title={The asymptotic density of dead ends in non-amenable groups},
	author={Warshall, Andrew D},
	journal={arXiv preprint arXiv:1006.3948},
	year={2010}
}
@article{warshall2006arbitrarily,
	title={Arbitrarily large finite quotients imply no uniform bound on depth},
	author={Warshall, Andrew D},
	journal={arXiv preprint math/0602174},
	year={2006}
}
@article {hall1958solution,
	AUTHOR = {Hall, Jr., Marshall},
	TITLE = {Solution of the {B}urnside problem for exponent six},
	JOURNAL = {Illinois J. Math.},
	FJOURNAL = {Illinois Journal of Mathematics},
	VOLUME = {2},
	YEAR = {1958},
	PAGES = {764--786},
	ISSN = {0019-2082},
	MRCLASS = {20.00},
	MRNUMBER = {102554},
	MRREVIEWER = {R. H. Bruck},
	URL = {http://projecteuclid.org/euclid.ijm/1255448339},
}
@book {Thurston1997,
	AUTHOR = {Thurston, William P.},
	TITLE = {Three-dimensional geometry and topology. {V}ol. 1},
	SERIES = {Princeton Mathematical Series},
	VOLUME = {35},
	NOTE = {Edited by Silvio Levy},
	PUBLISHER = {Princeton University Press, Princeton, NJ},
	YEAR = {1997},
	PAGES = {x+311},
	ISBN = {0-691-08304-5},
	MRCLASS = {57M50 (53A35 57M25 57M60 57N10)},
	MRNUMBER = {1435975},
	MRREVIEWER = {Athanase Papadopoulos},
}
@book {S12,
	AUTHOR = {Szczepa\'{n}ski, Andrzej},
	TITLE = {Geometry of crystallographic groups},
	SERIES = {Algebra and Discrete Mathematics},
	VOLUME = {4},
	PUBLISHER = {World Scientific Publishing Co. Pte. Ltd., Hackensack, NJ},
	YEAR = {2012},
	PAGES = {xii+195},
	ISBN = {978-981-4412-25-4},
	MRCLASS = {20H15 (20-02 20F65 53C15)},
	MRNUMBER = {2978307},
	MRREVIEWER = {Karel Dekimpe},
	DOI = {10.1142/8519},
	URL = {https://doi.org/10.1142/8519},
}
@book {BH99,
	AUTHOR = {Bridson, Martin R. and Haefliger, Andr\'{e}},
	TITLE = {Metric spaces of non-positive curvature},
	SERIES = {Grundlehren der Mathematischen Wissenschaften [Fundamental
	Principles of Mathematical Sciences]},
	VOLUME = {319},
	PUBLISHER = {Springer-Verlag, Berlin},
	YEAR = {1999},
	PAGES = {xxii+643},
	ISBN = {3-540-64324-9},
	MRCLASS = {53C23 (20F65 53C70 57M07)},
	MRNUMBER = {1744486},
	MRREVIEWER = {Athanase Papadopoulos},
	DOI = {10.1007/978-3-662-12494-9},
	URL = {https://doi.org/10.1007/978-3-662-12494-9},
}
@book {A88,
	AUTHOR = {Armstrong, M. A.},
	TITLE = {Groups and symmetry},
	SERIES = {Undergraduate Texts in Mathematics},
	PUBLISHER = {Springer-Verlag, New York},
	YEAR = {1988},
	PAGES = {xii+186},
	ISBN = {0-387-96675-7},
	MRCLASS = {20-01 (20F32)},
	MRNUMBER = {965514},
	MRREVIEWER = {Peter M. Neumann},
	DOI = {10.1007/978-1-4757-4034-9},
	URL = {https://doi.org/10.1007/978-1-4757-4034-9},
}
@article {dCT2008,
	AUTHOR = {de Cornulier, Yves and Tessera, Romain},
	TITLE = {Quasi-isometrically embedded free sub-semigroups},
	JOURNAL = {Geom. Topol.},
	FJOURNAL = {Geometry \& Topology},
	VOLUME = {12},
	YEAR = {2008},
	NUMBER = {1},
	PAGES = {461--473},
	ISSN = {1465-3060},
	MRCLASS = {20F65 (20F16 20M05)},
	MRNUMBER = {2390351},
	MRREVIEWER = {Olivier Guichard},
	DOI = {10.2140/gt.2008.12.461},
	URL = {https://doi.org/10.2140/gt.2008.12.461},
}
@article {Bogopolski97,
	AUTHOR = {Bogopolski, O. V.},
	TITLE = {Infinite commensurable hyperbolic groups are bi-{L}ipschitz
	equivalent},
	JOURNAL = {Algebra i Logika},
	FJOURNAL = {Sibirski\u{\i} Fond Algebry i Logiki. Algebra i Logika},
	VOLUME = {36},
	YEAR = {1997},
	NUMBER = {3},
	PAGES = {259--272, 357},
	ISSN = {0373-9252},
	MRCLASS = {57M07 (30F45 54H11)},
	MRNUMBER = {1485595},
	DOI = {10.1007/BF02671613},
	URL = {https://doi.org/10.1007/BF02671613},
}
@book {Epstein92,
	AUTHOR = {Epstein, David B. A. and Cannon, James W. and Holt, Derek F.
	and Levy, Silvio V. F. and Paterson, Michael S. and Thurston,
	William P.},
	TITLE = {Word processing in groups},
	PUBLISHER = {Jones and Bartlett Publishers, Boston, MA},
	YEAR = {1992},
	PAGES = {xii+330},
	ISBN = {0-86720-244-0},
	MRCLASS = {20F10 (03D40 20-02 68Q70)},
	MRNUMBER = {1161694},
	MRREVIEWER = {Richard M. Thomas},
}
@article {Guba08,
	AUTHOR = {Guba, Victor},
	TITLE = {Strict dead-end elements in free soluble groups},
	JOURNAL = {Comm. Algebra},
	FJOURNAL = {Communications in Algebra},
	VOLUME = {36},
	YEAR = {2008},
	NUMBER = {5},
	PAGES = {1988--1997},
	ISSN = {0092-7872},
	MRCLASS = {20F16 (05C25 20F65)},
	MRNUMBER = {2424281},
	MRREVIEWER = {J. R. J. Groves},
	DOI = {10.1080/00927870701724243},
	URL = {https://doi.org/10.1080/00927870701724243},
}
@incollection {Guba04,
	AUTHOR = {Guba, V. S.},
	TITLE = {On the properties of the {C}ayley graph of {R}ichard
	{T}hompson's group {$F$}},
	NOTE = {International Conference on Semigroups and Groups in honor of
	the 65th birthday of Prof. John Rhodes},
	JOURNAL = {Internat. J. Algebra Comput.},
	FJOURNAL = {International Journal of Algebra and Computation},
	VOLUME = {14},
	YEAR = {2004},
	NUMBER = {5-6},
	PAGES = {677--702},
	ISSN = {0218-1967},
	MRCLASS = {20F69 (05C25 43A07)},
	MRNUMBER = {2104775},
	MRREVIEWER = {Zoran \v{S}uni\'{c}},
	DOI = {10.1142/S021819670400192X},
	URL = {https://doi.org/10.1142/S021819670400192X},
}
@article {BB05,
	AUTHOR = {Belk, James M. and Brown, Kenneth S.},
	TITLE = {Forest diagrams for elements of {T}hompson's group {$F$}},
	JOURNAL = {Internat. J. Algebra Comput.},
	FJOURNAL = {International Journal of Algebra and Computation},
	VOLUME = {15},
	YEAR = {2005},
	NUMBER = {5-6},
	PAGES = {815--850},
	ISSN = {0218-1967},
	MRCLASS = {20F65},
	MRNUMBER = {2197808},
	MRREVIEWER = {Jos\'{e} Burillo},
	DOI = {10.1142/S021819670500261X},
	URL = {https://doi.org/10.1142/S021819670500261X},
}
@article {CT04,
	AUTHOR = {Cleary, Sean and Taback, Jennifer},
	TITLE = {Combinatorial properties of {T}hompson's group {$F$}},
	JOURNAL = {Trans. Amer. Math. Soc.},
	FJOURNAL = {Transactions of the American Mathematical Society},
	VOLUME = {356},
	YEAR = {2004},
	NUMBER = {7},
	PAGES = {2825--2849},
	ISSN = {0002-9947},
	MRCLASS = {20F65},
	MRNUMBER = {2052598},
	MRREVIEWER = {Zoran \v{S}uni\'{c}},
	DOI = {10.1090/S0002-9947-03-03375-0},
	URL = {https://doi.org/10.1090/S0002-9947-03-03375-0},
}
@article {BG18,
	AUTHOR = {Brieussel, J\'{e}r\'{e}mie and Gournay, Antoine},
	TITLE = {Connectedness of spheres in {C}ayley graphs},
	JOURNAL = {Algebra Discrete Math.},
	FJOURNAL = {Algebra and Discrete Mathematics},
	VOLUME = {26},
	YEAR = {2018},
	NUMBER = {2},
	PAGES = {190--246},
	ISSN = {1726-3255},
	MRCLASS = {20F65 (20E22 20F10)},
	MRNUMBER = {3909043},
}
@incollection {Gromov93,
	AUTHOR = {Gromov, M.},
	TITLE = {Asymptotic invariants of infinite groups},
	BOOKTITLE = {Geometric group theory, {V}ol. 2 ({S}ussex, 1991)},
	SERIES = {London Math. Soc. Lecture Note Ser.},
	VOLUME = {182},
	PAGES = {1--295},
	PUBLISHER = {Cambridge Univ. Press, Cambridge},
	YEAR = {1993},
	MRCLASS = {20F32 (57M07)},
	MRNUMBER = {1253544},
}
@article {Lyons1995,
	AUTHOR = {Lyons, Russell},
	TITLE = {Random walks and the growth of groups},
	JOURNAL = {C. R. Acad. Sci. Paris S\'{e}r. I Math.},
	FJOURNAL = {Comptes Rendus de l'Acad\'{e}mie des Sciences. S\'{e}rie I.
	Math\'{e}matique},
	VOLUME = {320},
	YEAR = {1995},
	NUMBER = {11},
	PAGES = {1361--1366},
	ISSN = {0764-4442},
	MRCLASS = {60B15 (20F05 20F32 60J15)},
	MRNUMBER = {1338287},
	MRREVIEWER = {Michel Coornaert},
}
@article {LPP96,
	AUTHOR = {Lyons, Russell and Pemantle, Robin and Peres, Yuval},
	TITLE = {Random walks on the lamplighter group},
	JOURNAL = {Ann. Probab.},
	FJOURNAL = {The Annals of Probability},
	VOLUME = {24},
	YEAR = {1996},
	NUMBER = {4},
	PAGES = {1993--2006},
	ISSN = {0091-1798},
	MRCLASS = {60B15 (60J15)},
	MRNUMBER = {1415237},
	MRREVIEWER = {Donald I. Cartwright},
	DOI = {10.1214/aop/1041903214},
	URL = {https://doi.org/10.1214/aop/1041903214},
}
@article {CF15,
	AUTHOR = {Calegari, Danny and Fujiwara, Koji},
	TITLE = {Counting subgraphs in hyperbolic graphs with symmetry},
	JOURNAL = {J. Math. Soc. Japan},
	FJOURNAL = {Journal of the Mathematical Society of Japan},
	VOLUME = {67},
	YEAR = {2015},
	NUMBER = {3},
	PAGES = {1213--1226},
	ISSN = {0025-5645},
	MRCLASS = {20F67 (05A15 05C25)},
	MRNUMBER = {3376585},
	MRREVIEWER = {Jos\'{e} Burillo},
	DOI = {10.2969/jmsj/06731213},
	URL = {https://doi.org/10.2969/jmsj/06731213},
}
@article {Saito10,
	AUTHOR = {Saito, Kyoji},
	TITLE = {Limit elements in the configuration algebra for a cancellative
	monoid},
	JOURNAL = {Publ. Res. Inst. Math. Sci.},
	FJOURNAL = {Publications of the Research Institute for Mathematical
	Sciences},
	VOLUME = {46},
	YEAR = {2010},
	NUMBER = {1},
	PAGES = {37--113},
	ISSN = {0034-5318},
	MRCLASS = {05C25 (16T05 20M35 40A30 82B20)},
	MRNUMBER = {2662615},
	MRREVIEWER = {Boyka L. Aneva},
	DOI = {10.2977/PRIMS/2},
	URL = {https://doi.org/10.2977/PRIMS/2},
}
@phdthesis{pfeiffer2008automata,
	title={Automata and growth functions for the triangle groups},
	author={Pfeiffer, Markus and Hi{\ss}, Gerhard},
	year={2008},
	school={Diploma Thesis in Computer Science, Rheinisch-Westf{\"a}lische Technische Hochschule Aachen}
}
@article {Champetier95,
	AUTHOR = {Champetier, Christophe},
	TITLE = {Propri\'{e}t\'{e}s statistiques des groupes de pr\'{e}sentation finie},
	JOURNAL = {Adv. Math.},
	FJOURNAL = {Advances in Mathematics},
	VOLUME = {116},
	YEAR = {1995},
	NUMBER = {2},
	PAGES = {197--262},
	ISSN = {0001-8708},
	MRCLASS = {20F32 (20F05 20F06 57M07)},
	MRNUMBER = {1363765},
	MRREVIEWER = {Michel Coornaert},
	DOI = {10.1006/aima.1995.1067},
	URL = {https://doi.org/10.1006/aima.1995.1067},
}
@article {GdlH97,
	AUTHOR = {Grigorchuk, R. and de la Harpe, P.},
	TITLE = {On problems related to growth, entropy, and spectrum in group
	theory},
	JOURNAL = {J. Dynam. Control Systems},
	FJOURNAL = {Journal of Dynamical and Control Systems},
	VOLUME = {3},
	YEAR = {1997},
	NUMBER = {1},
	PAGES = {51--89},
	ISSN = {1079-2724},
	MRCLASS = {20F32 (20-02)},
	MRNUMBER = {1436550},
	MRREVIEWER = {Susan Hermiller},
	DOI = {10.1007/BF02471762},
	URL = {https://doi.org/10.1007/BF02471762},
}
@article{BarNatanDuchinKro2020,
	doi = {10.1142/s1793525321500096},
	url = {https://doi.org/10.1142/s1793525321500096},
	year = {2020},
	month = nov,
	publisher = {World Scientific Pub Co Pte Lt},
	pages = {1--21},
	author = {Assaf Bar-Natan and Moon Duchin and Robert Kropholler},
	title = {Conjugation curvature for Cayley graphs},
	journal = {Journal of Topology and Analysis}
}
@misc{kropholler2020mediumscale,
	title={Medium-scale curvature at larger radii in finitely generated groups}, 
	author={Robert Kropholler and Brendan Mallery},
	year={2020},
	eprint={2004.10801},
	archivePrefix={arXiv},
	primaryClass={math.GR}
}
@article {KV83,
	AUTHOR = {Ka\u{\i}manovich, V. A. and Vershik, A. M.},
	TITLE = {Random walks on discrete groups: boundary and entropy},
	JOURNAL = {Ann. Probab.},
	FJOURNAL = {The Annals of Probability},
	VOLUME = {11},
	YEAR = {1983},
	NUMBER = {3},
	PAGES = {457--490},
	ISSN = {0091-1798},
	MRCLASS = {60B15 (43A07 60J15)},
	MRNUMBER = {704539},
	MRREVIEWER = {Yves Derriennic},
	URL =
	{http://links.jstor.org/sici?sici=0091-1798(198308)11:3<457:RWODGB>2.0.CO;2-5&origin=MSN},
}

@book {delaHarpe2000,
	AUTHOR = {de la Harpe, Pierre},
	TITLE = {Topics in geometric group theory},
	SERIES = {Chicago Lectures in Mathematics},
	PUBLISHER = {University of Chicago Press, Chicago, IL},
	YEAR = {2000},
	PAGES = {vi+310},
	ISBN = {0-226-31719-6; 0-226-31721-8},
	MRCLASS = {20F65 (20F69 57M07)},
	MRNUMBER = {1786869},
	MRREVIEWER = {Lee Mosher},
}
@book {sampling2018,
	AUTHOR = {Bonanome, Marianna C. and Dean, Margaret H. and Dean, Judith
	Putnam},
	TITLE = {A sampling of remarkable groups},
	SERIES = {Compact Textbooks in Mathematics},
	NOTE = {Thompson's, self-similar, Lamplighter, and Baumslag-Solitar},
	PUBLISHER = {Birkh\"{a}user/Springer, Cham},
	YEAR = {2018},
	PAGES = {xii+188},
	ISBN = {978-3-030-01976-1; 978-3-030-01978-5},
	MRCLASS = {20-01 (20E06 20E08 20E22 20F10 20F50 20F65 22F50)},
	MRNUMBER = {3889010},
	MRREVIEWER = {John J. Watkins},
	DOI = {10.1007/978-3-030-01978-5},
	URL = {https://doi.org/10.1007/978-3-030-01978-5},
}
@book {officehours17,
	TITLE = {Office hours with a geometric group theorist},
	EDITOR = {Clay, Matt and Margalit, Dan},
	PUBLISHER = {Princeton University Press, Princeton, NJ},
	YEAR = {2017},
	PAGES = {xii+441},
	ISBN = {978-0-691-15866-2},
	MRCLASS = {20-06 (20-01 20F65)},
	MRNUMBER = {3645425},
	MRREVIEWER = {Andrew Putman},
}
@misc{alekseev2019language,
	title={The language of geodesics for the discrete Heisenberg group}, 
	author={Ilya Alekseev and Ruslan Magdiev},
	year={2019},
	eprint={1905.03226},
	archivePrefix={arXiv},
	primaryClass={math.GR}
}

' '


@article {Cannon_almost_convex,
	AUTHOR = {Cannon, James W.},
	TITLE = {Almost convex groups},
	JOURNAL = {Geom. Dedicata},
	FJOURNAL = {Geometriae Dedicata},
	VOLUME = {22},
	YEAR = {1987},
	NUMBER = {2},
	PAGES = {197--210},
	ISSN = {0046-5755},
	MRCLASS = {20F32 (05C25 20F10)},
	MRNUMBER = {877210},
	MRREVIEWER = {R. C. Lyndon},
	DOI = {10.1007/BF00181266},
	URL = {https://doi.org/10.1007/BF00181266},
}
@article {S89,
	AUTHOR = {Shapiro, Michael},
	TITLE = {A geometric approach to the almost convexity and growth of
	some nilpotent groups},
	JOURNAL = {Math. Ann.},
	FJOURNAL = {Mathematische Annalen},
	VOLUME = {285},
	YEAR = {1989},
	NUMBER = {4},
	PAGES = {601--624},
	ISSN = {0025-5831},
	MRCLASS = {20F05 (20F18 57M05)},
	MRNUMBER = {1027762},
	MRREVIEWER = {Fritz Grunewald},
	DOI = {10.1007/BF01452050},
	URL = {https://doi.org/10.1007/BF01452050},
}
@article {Blachere03,
	AUTHOR = {Blach\`ere, S\'{e}bastien},
	TITLE = {Word distance on the discrete {H}eisenberg group},
	JOURNAL = {Colloq. Math.},
	FJOURNAL = {Colloquium Mathematicum},
	VOLUME = {95},
	YEAR = {2003},
	NUMBER = {1},
	PAGES = {21--36},
	ISSN = {0010-1354},
	MRCLASS = {20F65},
	MRNUMBER = {1967551},
	MRREVIEWER = {Piotr Haj\l asz},
	DOI = {10.4064/cm95-1-2},
	URL = {https://doi.org/10.4064/cm95-1-2},
}
@article {Erschler2000,
	AUTHOR = {Dyubina, Anna},
	TITLE = {Instability of the virtual solvability and the property of
	being virtually torsion-free for quasi-isometric groups},
	JOURNAL = {Internat. Math. Res. Notices},
	FJOURNAL = {International Mathematics Research Notices},
	YEAR = {2000},
	NUMBER = {21},
	PAGES = {1097--1101},
	ISSN = {1073-7928},
	MRCLASS = {20F65},
	MRNUMBER = {1800990},
	MRREVIEWER = {William A. Bogley},
	DOI = {10.1155/S1073792800000544},
	URL = {https://doi.org/10.1155/S1073792800000544},
}
@article {ClearyTaback05,
	AUTHOR = {Cleary, Sean and Taback, Jennifer},
	TITLE = {Dead end words in lamplighter groups and other wreath
	products},
	JOURNAL = {Q. J. Math.},
	FJOURNAL = {The Quarterly Journal of Mathematics},
	VOLUME = {56},
	YEAR = {2005},
	NUMBER = {2},
	PAGES = {165--178},
	ISSN = {0033-5606},
	MRCLASS = {20F65 (20E22)},
	MRNUMBER = {2143495},
	MRREVIEWER = {Jos\'{e} Burillo},
	DOI = {10.1093/qmath/hah030},
	URL = {https://doi.org/10.1093/qmath/hah030},
}
@incollection {ClearyTabackmetricproperties05,
	AUTHOR = {Cleary, Sean and Taback, Jennifer},
	TITLE = {Metric properties of the lamplighter group as an automata
	group},
	BOOKTITLE = {Geometric methods in group theory},
	SERIES = {Contemp. Math.},
	VOLUME = {372},
	PAGES = {207--218},
	PUBLISHER = {Amer. Math. Soc., Providence, RI},
	YEAR = {2005},
	MRCLASS = {20F65},
	MRNUMBER = {2140090},
	MRREVIEWER = {Zoran \v{S}uni\'{c}},
	DOI = {10.1090/conm/372/06886},
	URL = {https://doi.org/10.1090/conm/372/06886},
}
@article {GrigorchukZuk2001,
	AUTHOR = {Grigorchuk, Rostislav I. and \.{Z}uk, Andrzej},
	TITLE = {The lamplighter group as a group generated by a 2-state
	automaton, and its spectrum},
	JOURNAL = {Geom. Dedicata},
	FJOURNAL = {Geometriae Dedicata},
	VOLUME = {87},
	YEAR = {2001},
	NUMBER = {1-3},
	PAGES = {209--244},
	ISSN = {0046-5755},
	MRCLASS = {60B15 (20F10 20M05 60G50)},
	MRNUMBER = {1866850},
	MRREVIEWER = {Michael Voit},
	DOI = {10.1023/A:1012061801279},
	URL = {https://doi.org/10.1023/A:1012061801279},
}
@article {DuchinLelievreMooney2012,
	AUTHOR = {Duchin, Moon and Leli\`evre, Samuel and Mooney, Christopher},
	TITLE = {The geometry of spheres in free abelian groups},
	JOURNAL = {Geom. Dedicata},
	FJOURNAL = {Geometriae Dedicata},
	VOLUME = {161},
	YEAR = {2012},
	PAGES = {169--187},
	ISSN = {0046-5755},
	MRCLASS = {20F65 (51F99 52A23 52C07)},
	MRNUMBER = {2994037},
	MRREVIEWER = {Athanase Papadopoulos},
	DOI = {10.1007/s10711-012-9700-x},
	URL = {https://doi.org/10.1007/s10711-012-9700-x},
}
@article {StollAsymptotic98,
	AUTHOR = {Stoll, Michael},
	TITLE = {On the asymptotics of the growth of {$2$}-step nilpotent
	groups},
	JOURNAL = {J. London Math. Soc. (2)},
	FJOURNAL = {Journal of the London Mathematical Society. Second Series},
	VOLUME = {58},
	YEAR = {1998},
	NUMBER = {1},
	PAGES = {38--48},
	ISSN = {0024-6107},
	MRCLASS = {20F18 (20E25 20F32)},
	MRNUMBER = {1666070},
	MRREVIEWER = {Tatiana Smirnova-Nagnibeda},
	DOI = {10.1112/S0024610798006371},
	URL = {https://doi.org/10.1112/S0024610798006371},
}
@article {GromovPolyGrowth1981,
	AUTHOR = {Gromov, Mikhael},
	TITLE = {Groups of polynomial growth and expanding maps},
	JOURNAL = {Inst. Hautes \'{E}tudes Sci. Publ. Math.},
	FJOURNAL = {Institut des Hautes \'{E}tudes Scientifiques. Publications
	Math\'{e}matiques},
	NUMBER = {53},
	YEAR = {1981},
	PAGES = {53--73},
	ISSN = {0073-8301},
	MRCLASS = {53C20 (22E40 58F15)},
	MRNUMBER = {623534},
	MRREVIEWER = {J. A. Wolf},
	URL = {http://www.numdam.org/item?id=PMIHES_1981__53__53_0},
}
@book {Montgomery2002,
	AUTHOR = {Montgomery, Richard},
	TITLE = {A tour of subriemannian geometries, their geodesics and
	applications},
	SERIES = {Mathematical Surveys and Monographs},
	VOLUME = {91},
	PUBLISHER = {American Mathematical Society, Providence, RI},
	YEAR = {2002},
	PAGES = {xx+259},
	ISBN = {0-8218-1391-9},
	MRCLASS = {53C17 (37J99 53C60 58E10 70G45 70H05)},
	MRNUMBER = {1867362},
	MRREVIEWER = {Andrey V. Sarychev},
	DOI = {10.1090/surv/091},
	URL = {https://doi.org/10.1090/surv/091},
}

@book {LyndonSchupp2001,
	AUTHOR = {Lyndon, Roger C. and Schupp, Paul E.},
	TITLE = {Combinatorial group theory},
	SERIES = {Classics in Mathematics},
	NOTE = {Reprint of the 1977 edition},
	PUBLISHER = {Springer-Verlag, Berlin},
	YEAR = {2001},
	PAGES = {xiv+339},
	ISBN = {3-540-41158-5},
	MRCLASS = {20Fxx (20Exx 57M07)},
	MRNUMBER = {1812024},
	DOI = {10.1007/978-3-642-61896-3},
	URL = {https://doi.org/10.1007/978-3-642-61896-3},
}
@incollection {Benson1987,
	AUTHOR = {Benson, Max},
	TITLE = {On the rational growth of virtually nilpotent groups},
	BOOKTITLE = {Combinatorial group theory and topology ({A}lta, {U}tah,
	1984)},
	SERIES = {Ann. of Math. Stud.},
	VOLUME = {111},
	PAGES = {185--196},
	PUBLISHER = {Princeton Univ. Press, Princeton, NJ},
	YEAR = {1987},
	MRCLASS = {20F19 (20F05 22E40)},
	MRNUMBER = {895617},
	MRREVIEWER = {Wolfgang Woess},
}
@article {Benson1983,
	AUTHOR = {Benson, M.},
	TITLE = {Growth series of finite extensions of {${\bf Z}\sp{n}$} are
	rational},
	JOURNAL = {Invent. Math.},
	FJOURNAL = {Inventiones Mathematicae},
	VOLUME = {73},
	YEAR = {1983},
	NUMBER = {2},
	PAGES = {251--269},
	ISSN = {0020-9910},
	MRCLASS = {20F05 (05A15)},
	MRNUMBER = {714092},
	MRREVIEWER = {Martha K. Smith},
	DOI = {10.1007/BF01394026},
	URL = {https://doi.org/10.1007/BF01394026},
}
@book{cannon1980growth,
	title={The growth of the closed surface groups and the compact hyperbolic Coxeter groups},
	author={Cannon, James W},
	year={1980}
}
@article {Cannon1984,
	AUTHOR = {Cannon, James W.},
	TITLE = {The combinatorial structure of cocompact discrete hyperbolic
	groups},
	JOURNAL = {Geom. Dedicata},
	FJOURNAL = {Geometriae Dedicata},
	VOLUME = {16},
	YEAR = {1984},
	NUMBER = {2},
	PAGES = {123--148},
	ISSN = {0046-5755},
	MRCLASS = {20F10 (05C25 22E40 57M05)},
	MRNUMBER = {758901},
	MRREVIEWER = {William Harvey},
	DOI = {10.1007/BF00146825},
	URL = {https://doi.org/10.1007/BF00146825},
}
@incollection {Gromov87Hyperbolic,
	AUTHOR = {Gromov, M.},
	TITLE = {Hyperbolic groups},
	BOOKTITLE = {Essays in group theory},
	SERIES = {Math. Sci. Res. Inst. Publ.},
	VOLUME = {8},
	PAGES = {75--263},
	PUBLISHER = {Springer, New York},
	YEAR = {1987},
	MRCLASS = {20F32 (20F06 20F10 22E40 53C20 57R75 58F17)},
	MRNUMBER = {919829},
	MRREVIEWER = {Christopher W. Stark},
	DOI = {10.1007/978-1-4613-9586-7\_3},
	URL = {https://doi.org/10.1007/978-1-4613-9586-7_3},
}
@article {DuchinMooney2014,
	AUTHOR = {Duchin, Moon and Mooney, Christopher},
	TITLE = {Fine asymptotic geometry in the {H}eisenberg group},
	JOURNAL = {Indiana Univ. Math. J.},
	FJOURNAL = {Indiana University Mathematics Journal},
	VOLUME = {63},
	YEAR = {2014},
	NUMBER = {3},
	PAGES = {885--916},
	ISSN = {0022-2518},
	MRCLASS = {20F65 (20F18)},
	MRNUMBER = {3254527},
	MRREVIEWER = {Thomas Koberda},
	DOI = {10.1512/iumj.2014.63.5308},
	URL = {https://doi.org/10.1512/iumj.2014.63.5308},
}

@article {BM93,
	AUTHOR = {Baumslag, G. and Miller, III, C. F. and Short, H.},
	TITLE = {Isoperimetric inequalities and the homology of groups},
	JOURNAL = {Invent. Math.},
	FJOURNAL = {Inventiones Mathematicae},
	VOLUME = {113},
	YEAR = {1993},
	NUMBER = {3},
	PAGES = {531--560},
	ISSN = {0020-9910},
	MRCLASS = {57M07 (20J05)},
	MRNUMBER = {1231836},
	DOI = {10.1007/BF01244317},
	URL = {https://doi.org/10.1007/BF01244317},
}

@article {Pittet97,
	AUTHOR = {Pittet, Christophe},
	TITLE = {Isoperimetric inequalities in nilpotent groups},
	JOURNAL = {J. London Math. Soc. (2)},
	FJOURNAL = {Journal of the London Mathematical Society. Second Series},
	VOLUME = {55},
	YEAR = {1997},
	NUMBER = {3},
	PAGES = {588--600},
	ISSN = {0024-6107},
	MRCLASS = {20F32 (53C23 57M07)},
	MRNUMBER = {1452267},
	MRREVIEWER = {Michael L. Mihalik},
	DOI = {10.1112/S0024610797005140},
	URL = {https://doi.org/10.1112/S0024610797005140},
}

@article {Brick93,
	AUTHOR = {Brick, Stephen G.},
	TITLE = {On {D}ehn functions and products of groups},
	JOURNAL = {Trans. Amer. Math. Soc.},
	FJOURNAL = {Transactions of the American Mathematical Society},
	VOLUME = {335},
	YEAR = {1993},
	NUMBER = {1},
	PAGES = {369--384},
	ISSN = {0002-9947},
	MRCLASS = {57M20 (20E06 20F32)},
	MRNUMBER = {1102884},
	MRREVIEWER = {Athanase Papadopoulos},
	DOI = {10.2307/2154273},
	URL = {https://doi.org/10.2307/2154273},
}
@article {Allcock98,
	AUTHOR = {Allcock, D.},
	TITLE = {An isoperimetric inequality for the {H}eisenberg groups},
	JOURNAL = {Geom. Funct. Anal.},
	FJOURNAL = {Geometric and Functional Analysis},
	VOLUME = {8},
	YEAR = {1998},
	NUMBER = {2},
	PAGES = {219--233},
	ISSN = {1016-443X},
	MRCLASS = {53C20 (22E30)},
	MRNUMBER = {1616147},
	MRREVIEWER = {Michel Coornaert},
	DOI = {10.1007/s000390050053},
	URL = {https://doi.org/10.1007/s000390050053},
}
@incollection {OLshanskiiSapir99,
	AUTHOR = {Olshanskii, A. Yu. and Sapir, M. V.},
	TITLE = {Quadratic isometric functions of the {H}eisenberg groups. {A}
	combinatorial proof},
	NOTE = {Algebra, 11},
	JOURNAL = {J. Math. Sci. (New York)},
	FJOURNAL = {Journal of Mathematical Sciences (New York)},
	VOLUME = {93},
	YEAR = {1999},
	NUMBER = {6},
	PAGES = {921--927},
	ISSN = {1072-3374},
	MRCLASS = {20F05},
	MRNUMBER = {1698761},
	MRREVIEWER = {Martin Edjvet},
	DOI = {10.1007/BF02366347},
	URL = {https://doi.org/10.1007/BF02366347},
}
@article {Gapinski2016,
	AUTHOR = {Gapinski, Brian and Horak, Matthew and Weber, Tyler},
	TITLE = {Strong depth and quasigeodesics in finitely generated groups},
	JOURNAL = {Involve},
	FJOURNAL = {Involve. A Journal of Mathematics},
	VOLUME = {9},
	YEAR = {2016},
	NUMBER = {3},
	PAGES = {367--377},
	ISSN = {1944-4176},
	MRCLASS = {20F65},
	MRNUMBER = {3509331},
	MRREVIEWER = {Christopher H. Cashen},
	DOI = {10.2140/involve.2016.9.367},
	URL = {https://doi.org/10.2140/involve.2016.9.367},
}