
@book{Kerr2016,
  doi = {10.1007/978-3-319-49847-8},
  url = {https://doi.org/10.1007/978-3-319-49847-8},
  year = {2016},
  publisher = {Springer International Publishing},
  author = {David Kerr and Hanfeng Li},
  title = {Ergodic Theory}
}

@book{Loh_geometric,
	AUTHOR = {L\"{o}h, Clara},
	TITLE = {Geometric group theory},
	SERIES = {Universitext},
	NOTE = {An introduction},
	PUBLISHER = {Springer, Cham},
	YEAR = {2017},
	PAGES = {xi+389},
	ISBN = {978-3-319-72253-5; 978-3-319-72254-2},
	MRCLASS = {20-01 (20F65 53C23 57M07)},
	MRNUMBER = {3729310},
	DOI = {10.1007/978-3-319-72254-2},
	URL = {https://doi.org/10.1007/978-3-319-72254-2},
}

@book{Cellular_automata_and_groups,
	AUTHOR = {Ceccherini-Silberstein, Tullio and Coornaert, Michel},
	TITLE = {Cellular automata and groups},
	SERIES = {Springer Monographs in Mathematics},
	PUBLISHER = {Springer-Verlag, Berlin},
	YEAR = {2010},
	PAGES = {xx+439},
	ISBN = {978-3-642-14033-4},
	MRCLASS = {37-02 (05C25 20F65 37B15 43A07 46L10 68Q80)},
	MRNUMBER = {2683112},
	MRREVIEWER = {Rostislav I. Grigorchuk},
	DOI = {10.1007/978-3-642-14034-1},
	URL = {https://doi.org/10.1007/978-3-642-14034-1},
}
@book{harpe_2003, place={Chicago (IL),}, title={Topics in geometric group theory}, publisher={Univ. of Chicago Press}, author={Harpe, Pierre de La}, year={2003}}
@book{lyndon_schupp_1977, place={Berlin}, title={Combinatorial group theory}, publisher={Springer}, author={Lyndon, R. C. and Schupp, Paul E.}, year={1977}}
@article{Moldavanskii2018,
  doi = {10.1080/00927872.2018.1424867},
  url = {https://doi.org/10.1080/00927872.2018.1424867},
  year = {2018},
  month = feb,
  publisher = {Informa {UK} Limited},
  volume = {46},
  number = {9},
  pages = {3766--3778},
  author = {David Moldavanskii},
  title = {On the residual properties of Baumslag{\textendash}Solitar groups},
  journal = {Communications in Algebra}
}
@article{peled2018rigidity,
  title={Rigidity of proper colorings of {$\mathbb{Z}^{d}$}},
  author={Peled, Ron and Spinka, Yinon},
  journal={arXiv preprint arXiv:1808.03597},
  year={2018}
}
@article{alon2019mixing, title={Mixing properties of colourings of the {$\mathbb{Z}^{d}$} lattice}, DOI={10.1017/s0963548320000395}, journal={Combinatorics, Probability and Computing}, author={Alon, Noga and Briceño, Raimundo and Chandgotia, Nishant and Magazinov, Alexander and Spinka, Yinon}, year={2020}, pages={1–14}}
@article{ray2020proper,
	title={Proper 3-colorings of {$\mathbb{Z}^{2}$} are Bernoulli},
	author={Ray, Gourab and Spinka, Yinon},
	journal={arXiv preprint arXiv:2004.00028},
	year={2020}
}

@book{loh_2017, place={Cham}, title={Geometric group theory: an introduction}, publisher={Springer International Publishing}, author={L{\"o}h, Clara}, year={2017}}
@article{baumslag_solitar_1962, title={Some two-generator one-relator non-Hopfian groups}, volume={68}, DOI={10.1090/s0002-9904-1962-10745-9}, number={3}, journal={Bulletin of the American Mathematical Society}, author={Baumslag, Gilbert and Solitar, Donald}, year={1962}, pages={199–202}}
@article{meskin_1972, title={Nonresidually Finite One-Relator Groups}, volume={164}, DOI={10.2307/1995962}, journal={Transactions of the American Mathematical Society}, author={Meskin, Stephen}, year={1972}, pages={105}}
@article{HNN49,
author = {Higman, Graham and Neumann, B. H. and Neuman, Hanna},
title = {Embedding Theorems for Groups},
journal = {Journal of the London Mathematical Society},
volume = {s1-24},
number = {4},
pages = {247-254},
doi = {10.1112/jlms/s1-24.4.247},
url = {https://londmathsoc.onlinelibrary.wiley.com/doi/abs/10.1112/jlms/s1-24.4.247},
eprint = {https://londmathsoc.onlinelibrary.wiley.com/doi/pdf/10.1112/jlms/s1-24.4.247},
year = {1949}
}
@article{Lieb:1967zz,
	author = "Lieb, Elliott H.",
	title = "{Residual Entropy of Square Ice}",
	doi = "10.1103/PhysRev.162.162",
	journal = "Phys. Rev.",
	volume = "162",
	pages = "162--172",
	year = "1967"
}
@phdthesis{barbierilemp:tel-01563302,
	TITLE = {{Shift spaces on groups : computability and dynamics}},
	AUTHOR = {Barbieri Lemp, Sebastian Andres},
	URL = {https://tel.archives-ouvertes.fr/tel-01563302},
	NUMBER = {2017LYSEN021},
	SCHOOL = {{Universit{\'e} de Lyon}},
	YEAR = {2017},
	MONTH = Jun,
	KEYWORDS = {Conjugacy invariants ; Group theory ; Simulation theorems ; Symbolic dynamics ; Dynamical systems ; Shift spaces ; Aperiodicity ; Computability ; Dynamique symbolique ; Syst{\`e}mes dynamiques ; Sous-d{\'e}calages ; Aperiodicit{\'e} ; Calculabilit{\'e} ; Th{\'e}or{\`e}mes de simulation ; Th{\'e}orie des groupes ; Invariants de conjugaison},
	TYPE = {Theses},
	PDF = {https://tel.archives-ouvertes.fr/tel-01563302/file/BARBIERI_LEMP_Sebastian_A_2017LYSEN021_These.pdf},
	HAL_ID = {tel-01563302},
	HAL_VERSION = {v1},
}
@article{aubrun_kari_2013, title={Tiling Problems on Baumslag-Solitar groups.}, volume={128}, DOI={10.4204/eptcs.128.12}, journal={Electronic Proceedings in Theoretical Computer Science}, author={Aubrun, Nathalie and Kari, Jarkko}, year={2013}, pages={35–46}}
@article{esnay2020weakly,
	title={Weakly and Strongly Aperiodic Subshifts of Finite Type on Baumslag-Solitar Groups},
	author={Esnay, Julien and Moutot, Etienne},
	journal={arXiv preprint arXiv:2004.02534},
	year={2020}
}
@article{cyr2016distortion, title={Distortion and the automorphism group of a shift}, volume={13}, DOI={10.3934/jmd.2018015}, number={1}, journal={Journal of Modern Dynamics}, author={Cyr, Van and Franks, John and Kra, Bryna and Petite, Samuel}, year={2018}, pages={147–161}}